<?xml version="1.0" encoding="UTF-8"?><collection xmlns="http://www.loc.gov/MARC21/slim"><record><leader>00549nam--2200181-i-4500</leader><controlfield tag="001">000005817</controlfield><controlfield tag="002">20161230</controlfield><controlfield tag="005">20161230201026</controlfield><controlfield tag="008">060222s1000------------r-----000-0-eng-d</controlfield><datafield ind1=" " ind2=" " tag="040"><subfield code="a">IFIN-HH</subfield></datafield><datafield ind1=" " ind2=" " tag="080"><subfield code="a">62(038)=002=850=82:801.323.2=850=82</subfield></datafield><datafield ind1="1" ind2=" " tag="100"><subfield code="a">Kucery, A</subfield></datafield><datafield ind1="1" ind2="0" tag="245"><subfield code="a">Cesko-rusky technicky slovnik</subfield><subfield code="b">Cessko-russkii politehniceskii slovari</subfield><subfield code="c">A. kucery, z. jouklove</subfield></datafield><datafield ind1=" " ind2=" " tag="260"><subfield code="a">Praha</subfield><subfield code="b">Statni Nakladatelstvi Technicke Literatury</subfield><subfield code="c">1960</subfield></datafield><datafield ind1=" " ind2=" " tag="300"><subfield code="a">1040 P</subfield></datafield><datafield ind1="1" ind2=" " tag="700"><subfield code="a">Jouklove, Z</subfield></datafield><datafield ind1=" " ind2=" " tag="852"><subfield code="a">D.245</subfield><subfield code="c">SLT</subfield></datafield><datafield ind1=" " ind2=" " tag="CAT"><subfield code="a">Sys</subfield><subfield code="c">20130220</subfield><subfield code="h">130235</subfield></datafield></record></collection>